
@online{b2c_dstandard_2018,
	title = {D’un standard national d’échange de données pour l’archivage à un projet de norme {ISO}},
	url = {https://siaf.hypotheses.org/806},
	abstract = {Les Archives de France élaborent le dispositif réglementaire et normatif qui permet aux services publics d’archives d’assurer leurs missions, notamment concernant l’archivage numérique. C’est ainsi que depuis 2006, elles maintiennent et font évoluer un Standard d’échange de données pour l’archivage ({SEDA}) visant à faciliter les échanges entre les systèmes d’information des services publics d’archives et … Continuer la lecture de D’un standard national d’échange de données pour l’archivage à un projet de norme {ISO} →},
	titleaddon = {Modernisation et archives},
	type = {Billet},
	author = {B2C},
	urldate = {2024-06-13},
	date = {2018-04-06},
	langid = {french},
	doi = {10.58079/u5y1},
	note = {{ISSN}: 2496-9494},
	keywords = {{SEDA}},
	file = {Snapshot:C\:\\Users\\thild\\Zotero\\storage\\IZY5HR37\\806.html:text/html},
}

@article{jacobson_standard_2014,
	title = {Le standard d'échange de données pour l'archivage: du standard à la norme},
	pages = {pp.22--26},
	author = {Jacobson, Michel},
	date = {2014},
	langid = {french},
	note = {sic\_01163969},
	keywords = {{SEDA}},
	file = {Jacobson - Le standard d'échange de données pour l'archivage.pdf:C\:\\Users\\thild\\Zotero\\storage\\NF6IZDK5\\Jacobson - Le standard d'échange de données pour l'archivage.pdf:application/pdf},
}

@online{mintika_seda_nodate,
	title = {Le {SEDA}},
	url = {https://hub.mintika.fr/le-seda/},
	author = {Mintika},
	urldate = {2024-06-13},
	langid = {french},
	keywords = {{SEDA}},
}

@online{noauthor_standard_2024,
	title = {Le standard d’échange de données pour l’archivage ({SEDA})},
	url = {https://francearchives.gouv.fr/fr/article/88482501},
	titleaddon = {{FranceArchives}},
	urldate = {2024-06-13},
	date = {2024-05-28},
	langid = {french},
	keywords = {{SEDA}},
	file = {Snapshot:C\:\\Users\\thild\\Zotero\\storage\\3UCM96DP\\88482501.html:text/html},
}

@article{dieng_qualite_2020,
	title = {La qualité des données et métadonnées dans l'implantation d'un système d'archivage électronique},
	author = {Dieng, Gora},
	date = {2020},
	langid = {french},
	keywords = {{SEDA}},
	file = {Dieng - La qualité des données et métadonnées dans l'impla.pdf:C\:\\Users\\thild\\Zotero\\storage\\YFV93TUA\\Dieng - La qualité des données et métadonnées dans l'impla.pdf:application/pdf},
}

@article{nichele_preparer_2021,
	title = {Préparer les versements d’archives numériques. Manuel pratique.},
	abstract = {Le manuel de préparation des versements d’archives
numériques fait la synthèse de dix années de travail et
d’expérience sur l’archivage numérique. Il a pour
ambition d’accompagner les services d’archives dans la
collecte des archives numériques en leur proposant une
méthode pas à pas qui leur permette de réaliser une
collecte qualitative, raisonnée et efficace. Le manuel
aborde la plupart des concepts et des outils de
l’archivage numérique en les replaçant dans leur
contexte et en donnant des clés de lecture pour mieux
les comprendre et les aborder.},
	author = {Nichele, Baptiste and {ROUSSEL}, Stéphanie},
	date = {2021-06},
	langid = {french},
	keywords = {Archivage électronique},
	file = {Nichele - Préparer les versements d’archives numériques.pdf:C\:\\Users\\thild\\Zotero\\storage\\4UUZJIWM\\Nichele - Préparer les versements d’archives numériques.pdf:application/pdf},
}

@online{noauthor_modeet_2023,
	title = {Modèle et normes de l’archivage électronique},
	url = {https://francearchives.gouv.fr/fr/article/91524937},
	titleaddon = {{FranceArchives}},
	urldate = {2024-06-15},
	date = {2023-01-02},
	langid = {french},
	keywords = {Archivage électronique},
	file = {Snapshot:C\:\\Users\\thild\\Zotero\\storage\\F8S9LCVR\\91524937.html:text/html},
}

@article{montel_etude_2018,
	title = {Étude et réalisation d'un prototype d'archivage électronique appliqué aux collectivités territoriales},
	author = {Montel, Julien},
	date = {2018-05-23},
	langid = {french},
	keywords = {Archivage électronique},
	file = {Montel - Étude et réalisation d'un prototype d'archivage él.pdf:C\:\\Users\\thild\\Zotero\\storage\\YQX3D9YU\\Montel - Étude et réalisation d'un prototype d'archivage él.pdf:application/pdf},
}

@software{noauthor_culturecommunicationseda_2024,
	title = {culturecommunication/seda},
	url = {https://github.com/culturecommunication/seda},
	publisher = {Ministère chargé de la culture},
	urldate = {2024-06-26},
	date = {2024-02-01},
	note = {original-date: 2022-01-26T17:43:18Z},
	keywords = {{SEDA}},
}

@article{noauthor_reference_2012,
	title = {Reference Model for an Open Archival Information System ({OAIS})},
	author = {The Consultative Committee for Space Data Systems, CCSDS},
	date = {2012},
	langid = {english},
	keywords = {document technique, {OAIS}},
	file = {2012 - REFERENCE MODEL FOR AN OPEN ARCHIVAL INFORMATION SYSTEM (OAIS).pdf:C\:\\Users\\thild\\Zotero\\storage\\6QYEUQ3J\\2012 - Reference Model for an Open Archival Information S.pdf:application/pdf},
}

@inreference{noauthor_open_2024,
	title = {Open Archival Information System},
	rights = {Creative Commons Attribution-{ShareAlike} License},
	url = {https://fr.wikipedia.org/w/index.php?title=Open_Archival_Information_System&oldid=213487840},
	abstract = {L'Open Archival Information System ou {OAIS} (Système ouvert d'archivage d'information) est un modèle conceptuel destiné à la gestion, à l'archivage et à la préservation à long terme de documents numériques. La mise au point de l'{OAIS} a été pilotée par le Consultative Committee for Space Data Systems. Après une première version publiée en 2002, l'{OAIS} est enregistré en 2012 comme norme {ISO} sous la référence 14721:2012.
Le modèle {OAIS} constitue une référence décrivant dans les grandes lignes les fonctions, les responsabilités et l’organisation d’un système qui voudrait préserver de l’information, en particulier des données numériques, sur le long terme, pour en garantir l'accès à une communauté d'utilisateurs identifiés. Le long terme est défini comme suffisamment long pour être soumis à l’impact des évolutions technologiques.},
	booktitle = {Wikipédia},
	urldate = {2024-06-29},
	date = {2024-03-19},
	langid = {french},
	note = {Page Version {ID}: 213487840},
	keywords = {Archivage électronique, {OAIS}},
	file = {Snapshot:C\:\\Users\\thild\\Zotero\\storage\\2PZF372B\\Open_Archival_Information_System.html:text/html},
}

@online{noauthor_vitam_nodate,
	title = {Vitam {UI}},
	author = {Vitam},
	url = {https://www.programmevitam.fr/pages/logiciel/logiciel_frontoffice/},
	urldate = {2024-06-29},
	keywords = {{VITAM}},
	file = {Vitam UI · Vitam:C\:\\Users\\thild\\Zotero\\storage\\MJAKIZUV\\logiciel_frontoffice.html:text/html},
}

@article{sibille-de_grimouard_projet_2015,
	title = {Le projet {PIL}@E},
	volume = {Voyages extraordinairement numériques : 10 ans d'archivage électronique, et demain?},
	rights = {free},
	url = {https://www.persee.fr/doc/gazar_0016-5522_2015_num_240_4_5283},
	doi = {10.3406/gazar.2015.5283},
	journaltitle = {La Gazette des archives},
	author = {Sibille-de Grimoüard, Claire},
	urldate = {2024-07-01},
	date = {2015},
	langid = {french},
	note = {Publisher: Persée - Portail des revues scientifiques en {SHS}},
	keywords = {{VITAM}},
}

@online{noauthor_et_nodate,
	title = {Et de 3 ! · Vitam},
	author = {Vitam},
	url = {https://www.programmevitam.fr/2021/07/08/Archipel/},
	urldate = {2024-07-01},
	keywords = {{VITAM}},
	file = {Et de 3 ! · Vitam:C\:\\Users\\thild\\Zotero\\storage\\ST2PX7JP\\Archipel.html:text/html},
}

@online{noauthor_resip_nodate,
	title = {{ReSIP}},
	author = {Vitam},
	url = {https://www.programmevitam.fr/pages/ressources/resip/},
	urldate = {2024-07-01},
	keywords = {{VITAM}},
	file = {ReSIP · Vitam:C\:\\Users\\thild\\Zotero\\storage\\68QV458M\\resip.html:text/html},
}

@online{noauthor_vitam_nodate-1,
	title = {Vitam accessible en service ({VaS})},
	author = {Vitam},
	url = {https://www.programmevitam.fr/pages/VaS/},
	urldate = {2024-07-01},
	keywords = {{VITAM}},
}

@online{pascaud_pourquoi_nodate,
	title = {Pourquoi utiliser un logiciel {SaaS} et comment le choisir ? - francenum.gouv.fr},
	url = {https://www.francenum.gouv.fr/guides-et-conseils/pilotage-de-lentreprise/logiciels-de-gestion-de-lentreprise/pourquoi-utiliser-0},
	shorttitle = {Pourquoi utiliser un logiciel {SaaS} et comment le choisir ?},
	abstract = {Les solutions numériques en mode {SaaS} permettent d’accéder en ligne à des logiciels mis à disposition par des prestataires spécialisés. Très faciles à déployer car ne nécessitant aucune installation, ils permettent de disposer facilement de solutions de gestion performantes à moindre coûts dans un grand nombre de domaines : pilotage de l’entreprise, gestion financière, gestion des ressources humaines, marketing...},
	author = {Pascaud, Natacha},
	urldate = {2024-07-01},
	langid = {french},
	note = {Archive Location: Toutes les régions
Publisher: Direction générale des entreprises},
	keywords = {document technique},
	file = {Snapshot:C\:\\Users\\thild\\Zotero\\storage\\YFXALAAF\\pourquoi-utiliser-0.html:text/html},
}

@online{daanouni_rodu_2022,
	title = {Le Rôle du Product Manager dans une Démarche Agile},
	url = {https://astrakhan.consulting/fr/blog/le-role-du-product-manager-dans-une-demarche-agile/},
	abstract = {Pour réussir, une entreprise doit concevoir, construire, tester et commercialiser efficacement son produit. Afin d’atteindre cet objectif, et donner vie au produit, le Product Manager ({PM}), communément appelé « Chef de produit » en France, joue un rôle absolument crucial dans l’aboutissement d’un produit à succès. Quel est le rôle du Product Manager et quelles sont ses responsabilités ? […]},
	titleaddon = {Astrakhan Innovation Management},
	author = {Daanouni, Keltoum},
	urldate = {2024-07-13},
	date = {2022-05-02},
	langid = {french},
	keywords = {agile, gestion de projet},
	file = {Snapshot:C\:\\Users\\thild\\Zotero\\storage\\WZVW6YBV\\le-role-du-product-manager-dans-une-demarche-agile.html:text/html},
}

@online{baheux_mode_2024,
	title = {Mode projet vs Mode produit : quelles différences ?},
	url = {https://www.reussirsesprojets.com/mode-projet-vs-mode-produit/},
	shorttitle = {Mode projet vs Mode produit},
	abstract = {Mode projet, mode produit... On en entend de plus en plus parler. Mais qu'est-ce que c'est concrètement ? Quelles sont les différences entre ces deux},
	author = {Baheux, Thibault},
	urldate = {2024-07-13},
	date = {2024-02-09},
	langid = {french},
	note = {Section: Devenir chef de projet},
	keywords = {approche produit, gestion de projet},
	file = {Snapshot:C\:\\Users\\thild\\Zotero\\storage\\VG26VP5K\\mode-projet-vs-mode-produit.html:text/html},
}

@online{siaf_dictionnaire_2022,
	title = {Dictionnaire des balises - {SEDA} 2.2},
	url = {https://github.com/culturecommunication/seda/blob/seda-2.2/doc/seda-2.2-dictionnaire_[DocumentDeTravail-2022-01-31].pdf},
	author = {{SIAF}},
	urldate = {2024-07-17},
	date = {2022-01},
	keywords = {{SEDA}},
	file = {seda/doc/seda-2.2-dictionnaire_[DocumentDeTravail-2022-01-31].pdf at seda-2.2 · culturecommunication/seda · GitHub:C\:\\Users\\thild\\Zotero\\storage\\42JJQ6WA\\seda-2.2-dictionnaire_[DocumentDeTravail-2022-01-31].html:text/html},
}

@article{disic_mandat_2012,
	title = {Mandat archivage électronique. Archivage électronique : Un nouveau domaine d'expertise au service de la gouvernance des systèmes d'information.},
	author = {{DISIC}},
	date = {2012},
	keywords = {Archivage électronique},
	file = {Mandat archivage électronique.pdf:C\:\\Users\\thild\\Zotero\\storage\\76BSZPY9\\Mandat archivage électronique.pdf:application/pdf},
}

@online{noauthor_referentiel_nodate,
	title = {Référentiel général d'interopérabilité ({RGI})},
	url = {https://www.numerique.gouv.fr/publications/interoperabilite/},
	abstract = {Le site officiel de la {DINUM}},
	urldate = {2024-07-17},
	langid = {french},
	keywords = {document technique},
}

@article{belin_archivage_2016,
	title = {Archivage électronique et analyse de risque: les nouveaux défis de l’archiviste},
	volume = {46},
	issn = {0044-9423},
	doi = {10.7202/1035722ar},
	shorttitle = {Archivage électronique et analyse de risque},
	abstract = {L’ère du numérique a causé de profondes transformations à la discipline archivistique. De nouveaux enjeux font ainsi surface. C’est notamment le cas de la notion de risque, qui doit invariablement être prise en compte lors de la définition des besoins dans un organisme.
Dans leur article, Belin et Rietsch font d’abord référence à l’évolution du numérique. Depuis quinze ans, l’arrivée du numérique apporte, certes, beaucoup d’avantages au travail des archivistes, mais aussi tout un lot de nouvelles problématiques. En effet, réussir à assurer l’intégrité d’un document numérique, sa provenance, sa confidentialité, son accès ou sa préservation à long terme, sont tous des défis qui nous rappellent que cette nouvelle ère est parfois fondée sur des mécanismes de fonctionnement complexes et exigeant des coûts monétaires importants.
La seconde partie de l’article est dédiée à la présentation d’un cas concret : le succès de la mise en place d’un système d’archivage électronique ({SAE}) régional mutualisé au sein du syndicat mixte de coopération territoriale Mégalis Bretagne, en France. Le succès de cette opération repose principalement sur l’aspect de mutualisation des moyens, c’est-à-dire la mise commun d’un système détenant plusieurs infrastructures techniques. Ce type de système permet d’assurer l’optimisation des ressources disponibles et les risques sont ainsi partagés. Une politique d’archivage bien réfléchie est absolument nécessaire avant la mise en place d’un tel système. L’exemple du système de Mégalis Bretagne illustre bien l’association d’un projet d’archivage numérique et l’analyse du risque.},
	pages = {47--60},
	number = {1},
	journaltitle = {Archives (Québec)},
	author = {Belin, Antony and Rietsch, Jean-Marc},
	date = {2016},
	note = {Place: Quebec
Publisher: Association des archivistes du Québec {AAQ}},
	keywords = {Archivage électronique, Archives \& records, Digital technology, Provenance},
	file = {Texte intégral:C\:\\Users\\thild\\Zotero\\storage\\KVMM7C4X\\Belin et Rietsch - 2016 - Archivage électronique et analyse de risque les n.pdf:application/pdf},
}

@article{dangio-barros_archivage_2013,
	title = {L'archivage électronique dans l'administration publique: expériences croisées de trois services d'archives ministériels dans le contexte réglementaire des archives publiques},
	shorttitle = {L'archivage électronique dans l'administration publique},
	author = {d’Angio-Barros, Agnès and Lhoumeau, Hélène and Vasseur, Édouard},
	date = {2013},
	langid = {french},
	keywords = {Archivage électronique},
	file = {Id - L'archivage électronique dans l'administration pub.pdf:C\:\\Users\\thild\\Zotero\\storage\\AVWY9XYA\\Id - L'archivage électronique dans l'administration pub.pdf:application/pdf},
}

@online{naud_trois_2019,
	title = {Trois outils contribuant à l’archivage numérique},
	url = {https://siaf.hypotheses.org/1033},
	abstract = {Voici une présentation rapide d’Archifiltre, Octave et {ReSip} pour vous permettre de construire votre stratégie de traitement des documents numériques. Evaluation, tri, traitements, descriptions, envoi vers un système d’archivage électronique, chaque outil a sa personnalité et ses ensembles de fonctionnalités cohérentes. Après quelques éléments de présentation, un tableau des principales fonctionnalités couvertes par les versions … Continuer la lecture de Trois outils contribuant à l’archivage numérique →},
	titleaddon = {Modernisation et archives},
	type = {Billet},
	author = {Naud, Dominique},
	urldate = {2024-07-17},
	date = {2019-09-30},
	langid = {french},
	doi = {10.58079/u5yb},
	note = {{ISSN}: 2496-9494},
	keywords = {Archivage électronique},
	file = {Snapshot:C\:\\Users\\thild\\Zotero\\storage\\Q73LLUL3\\1033.html:text/html},
}

@online{banat-berger_note_2023,
	title = {Note sur l'archivage centralisé des données, documents numériques et métadonnées issus des systèmes d'information nationaux de l'État},
	url = {https://francearchives.gouv.fr/fr/circulaire/DGPA_SIAF_2023_012},
	titleaddon = {{FranceArchives}},
	author = {{BANAT}-{BERGER}, Françoise},
	urldate = {2024-07-17},
	date = {2023-08-03},
	langid = {french},
	keywords = {Archivage électronique},
	file = {DGPASIAF2023012_note_archivage_SI_nationaux.pdf:C\:\\Users\\thild\\Zotero\\storage\\7UHAMXGU\\DGPASIAF2023012_note_archivage_SI_nationaux.pdf:application/pdf;Snapshot:C\:\\Users\\thild\\Zotero\\storage\\WQWB9VTU\\DGPA_SIAF_2023_012.html:text/html},
}

@online{noauthor_cadre_nodate,
	title = {Cadre stratégique commun de modernisation des archives},
	url = {https://www.info.gouv.fr/organisation/delegue-et-comite-interministeriel-aux-archives-de-france/cadre-strategique-commun-de-modernisation-des-archives-3042},
	abstract = {Toute l'information sur les politiques publiques et l'action du Gouvernement},
	titleaddon = {info.gouv.fr},
	urldate = {2024-07-17},
	langid = {french},
	keywords = {généralités},
	file = {sites_default_files_contenu_piece-jointe_2020_04_cadre-strategique-archives_2020-2024_v20200408.pdf:C\:\\Users\\thild\\Zotero\\storage\\NYEKAL6W\\sites_default_files_contenu_piece-jointe_2020_04_cadre-strategique-archives_2020-2024_v20200408.pdf:application/pdf;Snapshot:C\:\\Users\\thild\\Zotero\\storage\\5XBNTKDL\\cadre-strategique-commun-de-modernisation-des-archives-3042.html:text/html},
}

@online{noauthor_appel_2024,
	title = {Appel à projets {DIAMAN} (Dispositif d'accompagnement des missions pour l'archivage numérique)},
	url = {https://francearchives.gouv.fr/fr/article/224585369},
	titleaddon = {{FranceArchives}},
	urldate = {2024-07-27},
	date = {2024-07-02},
	langid = {french},
	keywords = {généralités},
	file = {Snapshot:C\:\\Users\\thild\\Zotero\\storage\\S42GKD7P\\224585369.html:text/html},
}

@online{noauthor_documentation_nodate,
	title = {Documentation Notion},
	url = {https://www.notion.so/help/guides/category/documentation},
	abstract = {Learn how to use Notion for a variety of use cases. Whether youʼre looking to create a project management system or a 1:1 doc, Notion can help.},
	titleaddon = {Notion},
	urldate = {2024-07-28},
	langid = {english},
	keywords = {document technique},
	file = {Snapshot:C\:\\Users\\thild\\Zotero\\storage\\NGKKYFFN\\documentation.html:text/html},
}

@unpublished{betagouv_guide_2024,
	title = {Guide de l'approche produit - {SELEGO}},
	url = {https://docs.google.com/presentation/d/18WEM9zqMZ8CBHp4uQTCbftdMFcs9Pm46ysRsXCuCU7A},
	author = {beta.gouv},
	urldate = {2024-07-31},
	date = {2024-05},
	keywords = {approche produit, gestion de projet},
	file = {Full Text PDF:C\:\\Users\\thild\\Zotero\\storage\\MQMQKAJ2\\Guide de lx27approche produit - SELEGO.pdf:application/pdf},
}

@online{noauthor_innovation_nodate,
	title = {Innovation métier : la méthode du double diamant},
	url = {https://www.economie.gouv.fr/apie/actualites/innovation-metier-methode-double-diamant},
	shorttitle = {Innovation métier},
	urldate = {2024-07-31},
	langid = {french},
	keywords = {gestion de projet},
	file = {Snapshot:C\:\\Users\\thild\\Zotero\\storage\\CW4WM4FJ\\innovation-metier-methode-double-diamant.html:text/html},
}

@online{design_council_double_nodate,
	title = {The Double Diamond},
	url = {https://www.designcouncil.org.uk/our-resources/the-double-diamond/},
	abstract = {A universally accepted depiction of the design process},
	author = {Design Council},
	urldate = {2024-07-31},
	langid = {english},
	keywords = {gestion de projet},
	file = {Snapshot:C\:\\Users\\thild\\Zotero\\storage\\H6CG2TSM\\the-double-diamond.html:text/html},
}

@online{cagan_revisiting_2006,
	title = {Revisiting the Product Spec},
	url = {https://www.svpg.com/revisiting-the-product-spec/},
	abstract = {A partnership dedicated to teaching best practices to product teams and product leaders},
	titleaddon = {Silicon Valley Product Group},
	author = {Cagan, Marty},
	urldate = {2024-07-31},
	date = {2006-10-12},
	langid = {american},
	keywords = {gestion de projet},
	file = {Snapshot:C\:\\Users\\thild\\Zotero\\storage\\56IV3GHX\\revisiting-the-product-spec.html:text/html},
}

@online{miro_modeuser_nodate,
	title = {Modèle User Story Map},
	url = {https://miro.com/fr/modeles/user-story-map/},
	abstract = {Cartographiez les récits utilisateurs pour les produits que les gens utiliseront, aimeront, soutiendront et achèteront. Utilisez ce modèle User Story Map pour collaborer avec votre équipe à distance.},
	titleaddon = {https://miro.com/},
	author = {Miro},
	urldate = {2024-08-01},
	langid = {french},
	keywords = {agile, gestion de projet},
	file = {Snapshot:C\:\\Users\\thild\\Zotero\\storage\\XLGI23Q4\\user-story-map.html:text/html},
}

@online{kaley_mapping_2021,
	title = {Mapping User Stories in Agile},
	url = {https://www.nngroup.com/articles/user-story-mapping/},
	abstract = {User-story maps help Agile teams define what to build and maintain visibility for how it all fits together. They enable user-centered conversations, collaboration, and feature prioritization to align and guide iterative product development.},
	titleaddon = {Nielsen Norman Group},
	author = {Kaley, Anna},
	urldate = {2024-08-01},
	date = {2021-01-24},
	langid = {english},
	keywords = {agile, gestion de projet},
	file = {Snapshot:C\:\\Users\\thild\\Zotero\\storage\\JEE48XZ9\\user-story-mapping.html:text/html},
}

@online{sponheim_what_2024,
	title = {What Is User Research? (Video)},
	url = {https://www.nngroup.com/videos/what-is-user-research/},
	shorttitle = {What Is User Research?},
	abstract = {The goal of user research is to identify ways to improve a product's design based on evidence rather than opinions.},
	author = {Sponheim, Caleb},
	editoratype = {collaborator},
	urldate = {2024-08-01},
	date = {2024},
	langid = {english},
	keywords = {gestion de projet},
	file = {Snapshot:C\:\\Users\\thild\\Zotero\\storage\\PCKUXZXK\\what-is-user-research.html:text/html},
}

@online{adam_agile_nodate,
	title = {Agile, prédictif, hybride : les critères pour choisir la bonne approche},
	url = {https://www.cegos.fr/ressources/mag/projet/agilite/agile-predictif-hybride-les-criteres-pour-choisir-la-bonne-approche},
	shorttitle = {Agile, prédictif, hybride},
	abstract = {Identifiez les avantages et inconvénients des approches agile, prédictive et hybride. Ainsi, vous gagnerez en efficacité et en souplesse dans vos p...},
	author = {Adam, Raoul},
	urldate = {2024-08-06},
	langid = {french},
	keywords = {agile, gestion de projet},
	file = {Snapshot:C\:\\Users\\thild\\Zotero\\storage\\4D8FJYHR\\agile-predictif-hybride-les-criteres-pour-choisir-la-bonne-approche.html:text/html},
}

@book{banat-berger_archivage_2009,
	location = {Paris},
	title = {L'archivage numérique à long terme: les débuts de la maturité?},
	isbn = {978-2-11-006942-9},
	series = {Manuels et guides pratiques},
	shorttitle = {L'archivage numérique à long terme},
	abstract = {Comment pérenniser l'information numérique avec des technologies en constante évolution ?
L'objectif de cet ouvrage est de dresser un état de l'art en 2009 des concepts, méthodes et stratégies à mettre en oeuvre pour pérenniser des informations sous forme numérique. En effet, la durée de vie des technologies utilisées actuellement varie de cinq à dix ans. Or, la conservation à long terme de l'information numérique est vitale dans tous les secteurs où elle est utilisée. Voici regroupés en un seul volume, les connaissances de base et les retours d'expériences sur l'archivage numérique pérenne, abordé sous différents aspects : techniques, juridiques, organisationnels, stratégiques et patrimoniaux. Ce manuel intéressera un large public : décideurs d'entreprises, chefs de projet d'archivage électronique, institutions chargées de la mémoire, directions informatiques, consultants en gestion de l'information et de l'archivage, éditeurs d'outils logiciels, développeurs proposant des solutions techniques, archivistes, documentalistes, bibliothécaires, enseignants et étudiants en sciences de l'information...},
	pagetotal = {284},
	publisher = {La Documentation française},
	author = {Banat-Berger, Françoise and Duplouy, Laurent and Huc, Claude},
	date = {2009},
	keywords = {Archivage électronique},
}

@incollection{scopsi_quels_2024,
	location = {Pierrefitte-sur-Seine},
	title = {Quels métiers, quelles compétences pour la gestion des Data ?},
	rights = {https://www.openedition.org/12554},
	isbn = {978-2-86000-390-2},
	url = {https://books.openedition.org/pan/7176},
	booktitle = {Les nouveaux paradigmes de l'archive},
	publisher = {Publications des Archives nationales},
	author = {Chartron, Ghislaine},
	editor = {Scopsi, Claire and Roullier, Clothilde and Sin Blima-Barru, Martine and Vasseur, Édouard},
	urldate = {2024-08-06},
	date = {2024},
	langid = {french},
	doi = {10.4000/books.pan.7176},
	keywords = {Archivage électronique},
	file = {Texte intégral:C\:\\Users\\thild\\Zotero\\storage\\BG2Z8SLF\\Chartron - 2024 - Quels métiers, quelles compétences pour la gestion.pdf:application/pdf},
}

@misc{abbassi_stage_2009,
	title = {Stage technique international des archives - L’archivage électronique},
	publisher = {Direction des archives de France},
	author = {{ABBASSI}, Rafika and {ABOMO} {AKONO}, Christine and {BOUZIDI}, Sif Daoula and {DINOMAIS}, Lucienne and {LONGUET}, Stéphane and {RAKIPI}, Violeta and {SARENAC}, Danilo},
	date = {2009},
	keywords = {Archivage électronique},
	file = {static_2997.pdf:C\:\\Users\\thild\\Zotero\\storage\\67K5JVC8\\static_2997.pdf:application/pdf},
}

@online{chabin_technologies_2017,
	title = {Technologies de l'information : rupture ou continuité ?},
	url = {https://www.marieannechabin.fr/arcateg/2017/07/07/technologies-de-linformation-rupture-continuite/},
	shorttitle = {Technologies de l'information},
	abstract = {Article rédigé pour le 25e anniversaire de Project Consult (Dr. Ulrich Kampffmeyer), paru début juillet 2017 sur le site de Project Consult aux côtés d’une centaine de contributions variées sur la gouvernance de l’information, en allemand, en anglais et en espagnol. Télécharger la brochure complète. La société numérique accélère beaucoup de choses : les échanges, la…},
	titleaddon = {Arcateg, méthode d'archivage par catégorie},
	urldate = {2024-08-06},
	author= {Chabin, Marie-Anne},
	date = {2017-07-07},
	langid = {french},
	keywords = {Archivage électronique},
	file = {Snapshot:C\:\\Users\\thild\\Zotero\\storage\\8URY9DEV\\index.html:text/html},
}

@online{noauthor_focus_nodate,
	title = {Focus archivistes},
	author = {Vitam},
	url = {https://www.programmevitam.fr/pages/presentation/pres_archivistes/},
	urldate = {2024-08-07},
	keywords = {{VITAM}},
	file = {Focus archivistes · Vitam:C\:\\Users\\thild\\Zotero\\storage\\ZV2I7MPQ\\pres_archivistes.html:text/html},
}

@misc{nichele_formation_2022,
	title = {Formation - {SEDA} et profils d’archivage},
	publisher = {Mintika},
	author = {Nichele, Baptiste},
	date = {2022-10},
	keywords = {{SEDA}},
}

@misc{cines_oais_2019,
	title = {{OAIS} - {VITAM} - Journée archivage Grenoble},
	author = {{CINES}},
	date = {2019-11-20},
	keywords = {Archivage électronique},
	file = {2019_11_20_GRICAD_OAIS_VITAM.pdf:C\:\\Users\\thild\\Zotero\\storage\\ISCAN5C4\\2019_11_20_GRICAD_OAIS_VITAM.pdf:application/pdf},
}

@misc{programme_vitam_larchivage_2013,
	title = {L’archivage des messageries électroniques, Preuve de concept,  version 1.2.},
	author = {Programme Vitam},
	date = {2013},
	keywords = {Archivage électronique},
}

@article{moser_digital_2024,
	title = {Digital Clean Up Day - Archifiltre},
	volume = {n°149},
	journaltitle = {Archivistes !},
	author = {Moser, Chloé and Saget-Lethias, Manon and Prades, Mathilde},
	date = {2024},
	keywords = {généralités},
}

@online{chabin_transformation_2017,
	title = {Transformation ou transition numérique ?},
	url = {https://www.marieannechabin.fr/2017/04/transformation-ou-transition-numerique/},
	abstract = {Quelle est l’expression la plus appropriée pour désigner ce phénomène d’une société de plus en plus connectée, avec la mémoire de tout et le droit à l’oubli : transformation numérique ou transition numérique ? Après plusieurs lectures (voir en fin d’article) et en considérant la racine des mots, je ne retiens ni l’une ni l’autre car je…},
	titleaddon = {Le blog de Marie-Anne Chabin},
	author = {Chabin, Marie-Anne},
	urldate = {2024-08-07},
	date = {2017-04-10},
	langid = {french},
	keywords = {Archivage électronique},
	file = {Snapshot:C\:\\Users\\thild\\Zotero\\storage\\9ZJ7B7KJ\\transformation-ou-transition-numerique.html:text/html},
}

@book{cagan_inspired_2017,
	edition = {second edition},
	title = {{INSPIRED} : How to Create Tech Products Customers Love},
	series = {Silicon Valley Product Group},
	publisher = {Wiley},
	author = {Cagan, Marty},
	date = {2017},
	keywords = {approche produit, gestion de projet},
	file = {INSPIRED How to Create Tech Products Customers Love.pdf:C\:\\Users\\thild\\Zotero\\storage\\SQ9QVU9H\\INSPIRED How to Create Tech Products Customers Love.pdf:application/pdf},
}

@unpublished{programme_vitam_vitam_2019,
	title = {Vitam accessible en service},
	note = {Séminaire des Archives de France},
	author = {Vitam},
	date = {2019-11-20},
	keywords = {{VITAM}},
	file = {3_VAS.pdf:C\:\\Users\\thild\\Zotero\\storage\\UVIMAMVI\\3_VAS.pdf:application/pdf},
}

@online{lesparre_product_2023,
	title = {Product owner – {PO}},
	url = {https://www.cidj.com/metiers/product-owner-po},
	abstract = {Le ou la product owner est responsable de la définition et de la conception d’un produit ou service digital selon la méthodologie agile.},
	titleaddon = {{CIDJ}},
	author = {Lesparre, Josée},
	urldate = {2024-08-26},
	date = {2023-10-19},
	langid = {french},
	keywords = {gestion de projet},
	file = {Snapshot:C\:\\Users\\thild\\Zotero\\storage\\S8U7ASFN\\product-owner-po.html:text/html},
}

@online{raeburn_gestion_2024,
	title = {Gestion efficace du product backlog : stratégies pour équipes Agile [2024] • Asana},
	url = {https://asana.com/fr/resources/product-backlog},
	author = {Raeburn, Alicia},
	urldate = {2024-08-12},
	date = {2024-03-27},
	keywords = {gestion de projet},
	file = {Gestion efficace du product backlog \: stratégies pour équipes Agile [2024] • Asana:C\:\\Users\\thild\\Zotero\\storage\\FMEVH627\\product-backlog.html:text/html},
}

@software{noauthor_programmevitamsedatools_2024,
	title = {{ProgrammeVitam}/sedatools},
	rights = {{CECILL}-2.1},
	url = {https://github.com/ProgrammeVitam/sedatools},
	abstract = {Bibliothèque {SEDA} et exemples d'usage},
	publisher = {Programme Vitam},
	urldate = {2024-08-28},
	date = {2024-08-13},
	note = {original-date: 2019-02-01T16:10:37Z},
	keywords = {seda, {SEDA}, vitam},
}

@online{noauthor_entrepreneur_nodate,
	title = {Entrepreneur d'Intérêt général ({EIG})},
	url = {https://www.eig.numerique.gouv.fr/},
	abstract = {Entreprendre pour le service public},
	urldate = {2024-08-28},
	langid = {french},
	keywords = {généralités},
	file = {Snapshot:C\:\\Users\\thild\\Zotero\\storage\\KDUGWRM8\\www.eig.numerique.gouv.fr.html:text/html},
}

@misc{betagouv_guide_2018,
	title = {Guide de lancement des Startups d’État},
	author = {beta.gouv},
	date = {2018-10},
	keywords = {généralités},
	file = {guide.pdf:C\:\\Users\\thild\\Zotero\\storage\\XAC8TALQ\\guide.pdf:application/pdf},
}

@incollection{nguyen_chapitre_2020,
	location = {Paris},
	edition = {4e éd. refondue et augmentée},
	title = {Chapitre {VII}, partie 5 : La préservation des archives numériques.},
	isbn = {978-2-900175-09-5},
	shorttitle = {Abrégé d'archivistique},
	booktitle = {Abrégé d'archivistique: principes et pratiques du métier d'archiviste},
	publisher = {Association des archivistes français},
	author = {Nguyen, Thi-Phuong and Vasseur, Édouard and Afnaï, Mehdi and Morin, Nathalie},
	date = {2020},
	keywords = {Archivage électronique},
}

@incollection{gueit-montchal_chapitre_2020,
	location = {Paris},
	edition = {4e éd. refondue et augmentée},
	title = {Chapitre {II}, partie 3 : La production numérique : de nouveaux enjeux.},
	isbn = {978-2-900175-09-5},
	shorttitle = {Abrégé d'archivistique},
	booktitle = {Abrégé d'archivistique: principes et pratiques du métier d'archiviste},
	publisher = {Association des archivistes français},
	author = {Gueit-Montchal, Lydianne and Boully, Vincent and Messonnier, Antoine},
	date = {2020},
	keywords = {Archivage électronique},
}

@online{formlabs_comment_nodate,
	title = {Comment rédiger un document d’exigences produit ({PRD})},
	url = {https://formlabs.com/fr/blog/document-exigences-produit-prd-avec-modele/},
	author = {Formlabs},
	urldate = {2024-08-12},
	keywords = {gestion de projet},
	file = {Comment rédiger un document d’exigences produit (PRD) - Avec modèle gratuit | Formlabs:C\:\\Users\\thild\\Zotero\\storage\\46VUJCDZ\\document-exigences-produit-prd-avec-modele.html:text/html},
}

@online{noauthor_en_nodate,
	title = {En savoir plus sur {ReSIP}},
	author = {Vitam},
	url = {https://www.programmevitam.fr/2020/06/09/ReSIP/},
	urldate = {2024-08-29},
	keywords = {{VITAM}},
	file = {En savoir plus sur ReSIP · Vitam:C\:\\Users\\thild\\Zotero\\storage\\VTIC9F8S\\ReSIP.html:text/html},
}

@online{tanovic_customer_2024,
	title = {Customer Research: Types, Methods, and How to Nail It},
	url = {https://maze.co/customer-research/},
	shorttitle = {Customer Research},
	abstract = {Customer research unlocks a window into your customer's thoughts, feelings, and needs—aka, the secret recipe to build the perfect product for them. Here’s how to nail your customer research in 5 steps.},
	titleaddon = {Maze},
	author = {Tanovic, Armin},
	urldate = {2024-06-13},
	date = {2024-05-24},
	langid = {english},
	keywords = {gestion de projet},
	file = {Snapshot:C\:\\Users\\thild\\Zotero\\storage\\U2G3XZVV\\customer-research.html:text/html},
}

@online{ux-republic_guideline_2019,
	title = {[{GUIDELINE}] Bien mener ses guerilla tests},
	url = {https://www.ux-republic.com/guideline-guerilla-tests/},
	author = {{UX}-Republic},
	urldate = {2024-08-07},
	date = {2019-01-29},
	keywords = {gestion de projet},
	file = {[GUIDELINE] Bien mener ses guerilla tests - UX-REPUBLIC:C\:\\Users\\thild\\Zotero\\storage\\KF7JAYDD\\guideline-guerilla-tests.html:text/html},
}

@online{buset_leading_2024,
	title = {Leading Questions in {UX} Research: Definition, Types \& Examples {\textbar} Maze},
	url = {https://maze.co/blog/leading-questions/},
	author = {Buset, Melanie},
	urldate = {2024-06-13},
	date = {2024-02-13},
	keywords = {gestion de projet},
	file = {Leading Questions in UX Research\: Definition, Types & Examples | Maze:C\:\\Users\\thild\\Zotero\\storage\\G8X826US\\leading-questions.html:text/html},
}
